@book{goodfellow2016deep,
  title={Deep learning},
  author={Goodfellow, Ian and Bengio, Yoshua and Courville, Aaron},
  year={2016},
  publisher={MIT press},
    url={https://www.deeplearningbook.org/},
    isbn={978-0262035613}
}

@article{liu2021machine,
  title={When machine learning meets privacy: A survey and outlook},
  author={Liu, Bo and Ding, Ming and Shaham, Sina and Rahayu, Wenny and Farokhi, Farhad and Lin, Zihuai},
  journal={ACM Computing Surveys (CSUR)},
  volume={54},
  number={2},
  pages={1--36},
  year={2021},
  publisher={ACM New York, NY, USA},
    doi={10.1145/3436755}
}

@article{Hernan,
    author = {Miguel A. Hern√°n, John Hsu and Brian Healy},
    title = {A Second Chance to Get Causal Inference Right: A Classification of Data Science Tasks},
    journal = {CHANCE},
    volume = {32},
    number = {1},
    pages = {42-49},
    year = {2019},
    publisher = {Taylor & Francis},
    doi = {10.1080/09332480.2019.1579578},
}

@inproceedings{RandRespMechanism,
  title={Using Randomized Response for Differential Privacy Preserving Data Collection.},
  author={Wang, Yue and Wu, Xintao and Hu, Donghui},
  booktitle={EDBT/ICDT Workshops},
  volume={1558},
  pages={0090--6778},
  year={2016},
  url={https://ceur-ws.org/Vol-1558/paper35.pdf}
}

@misc{opendp1,
  title = {{Harvard University Privacy Tools Project},
  howpublished = {https://privacytools.seas.harvard.edu/}},
  note = {(accessed on 31 December 2023}
}

@misc{wandb_bayes,
    author = {Dave Davies},
    title = {{What Is Bayesian Hyperparameter Optimization? With Tutorial}},
    howpublished = {14 December 2023. \url{https://wandb.ai/wandb_fc/articles/reports/What-Is-Bayesian-Hyperparameter-Optimization-With-Tutorial---Vmlldzo1NDQyNzcw}},
    note = {{(accessed on 19 April 2024)}}
}

@misc{dataset,
    author = {Kamil Pytlak},
    title = {{Indicators of Heart Disease 2022 Dataset}},
    url={https://www.kaggle.com/datasets/kamilpytlak/personal-key-indicators-of-heart-disease},
    note = {(accessed on 19 April 2024)}
}

@misc{keras,
    title={{Keras}},
    url={https://keras.io/api/},
    note={{(accessed on 4 January 2024)}}
}
